@online{commonmark,
	author = "MacFarlane, John",
	url = "https://spec.commonmark.org/",
	cited = "2020-03-22",
	title = "CommonMark Spec",
	year = "2019"
}

@online{rvp,
	author = "NÚV",
	url = "http://www.nuv.cz/t/rvp",
	cited = "2021-03-15",
	title = "Rámcové programy",
	year = ""
}

@online{stredni-vzdelavani,
	author = "NÚV",
	url = "http://www.nuv.cz/t/stredni-vzdelavani",
	cited = "2021-03-15",
	title = "Střední vzdělávání",
	year = ""
	
}

@online{rvp-zs,
	author = "NÚV",
	url = "http://www.nuv.cz/file/4983/",
	cited = "2021-03-15",
	title = "RVP ZŠ",
	year = "2021"
	
}
@online{rvp-g,
	author = "NÚV",
	url = "http://www.nuv.cz/file/159",
	cited = "2021-03-15",
	title = "RVP-G",
	year = "2021"
	
}
@online{rvp-it,
	author = "MŠMT",
	url = "https://www.edu.cz/rvp/ramcove-vzdelavaci-programy-stredniho-odborneho-vzdelavani-rvp-sov/obory-l-a-m/18-informaticke-obory/",
	cited = "2021-03-15",
	title = "Informatické obory",
	year = ""
	
}
@online{rvp-is,
	author = "MŠMT",
	url = "https://www.edu.cz/rvp/ramcove-vzdelavaci-programy-stredniho-odborneho-vzdelavani-rvp-sov/obory-l-a-m/72-publicistika-knihovnictvi-a-informatika/",
	cited = "2021-03-15",
	title = "Publicistika, knihovnictví a informatika",
	year = ""
	
}
@online{revize,
	author = "NÚV",
	url = "http://www.nuv.cz/file/3362/",
	cited = "2021-03-15",
	title = "Návrh revizí ICT",
	year = ""
	
}
@online{digital-2021-report,
	author = "Simon Kemp",
	url = "https://datareportal.com/reports/digital-2021-global-overview-report",
	cited = "2021-03-15",
	title = "Digital 2021: Global overview report",
	year = "2019"
	
}
@online{facebook-active-users,
	author = "H. Tankovska",
	url = "https://www.statista.com/statistics/264810/number-of-monthly-active-facebook-users-worldwide/",
	cited = "2021-03-15",
	title = "Number of monthly active Facebook users worldwide as of 4th quarter 2020",
	year = "2020"
	
}
@online{google-search,
	author = "",
	url = "https://gs.statcounter.com/search-engine-market-share",
	cited = "2021-03-15",
	title = "",
	year = ""
	
}
@online{google-ads,
	author = "",
	url = "https://www.emarketer.com/content/us-digital-ad-spending-will-surpass-traditional-in-2019",
	cited = "2021-03-15",
	title = "",
	year = ""
	
}
@online{cookies-history,
	author = "",
	url = "https://www.whoishostingthis.com/resources/cookies-guide/#:~:text=Cookies",
	cited = "2021-03-15",
	title = "",
	year = ""
	
}
@online{behavioral-profiling,
	author = "",
	url = "https://www.sciencedirect.com/science/article/pii/S0167923610000497",
	cited = "2021-03-15",
	title = "",
	year = ""
	
}
@online{scott-cookies,
	author = "Tom Scott",
	url = "https://www.youtube.com/watch?v=OFRjZtYs3wY",
	cited = "2021-03-15",
	title = "Why is Internet such a mess",
	year = ""
	
}
@online{name,
	author = "",
	url = "",
	cited = "2021-03-15",
	title = "",
	year = ""
	
}
@online{name,
	author = "",
	url = "",
	cited = "2021-03-15",
	title = "",
	year = ""
	
}
